
@article{cabrera_morales_efectos_2006,
	title = {Efectos de la radiación ultravioleta ({UV}) en la inducción de mutaciones de p53 en tumores de piel},
	volume = {29},
	issn = {0378-4835},
	url = {https://scielo.isciii.es/scielo.php?script=sci_abstract&pid=S0378-48352006000700003&lng=es&nrm=iso&tlng=pt},
	pages = {25--32},
	number = {7},
	journaltitle = {Oncología (Barcelona)},
	author = {Cabrera Morales, C. M. and López-Nevot, M. A.},
	urldate = {2022-08-04},
	date = {2006-09},
	note = {Publisher: Alpe Editores, S.A.},
}

@article{kalogirou_solar_2004,
	title = {Solar thermal collectors and applications},
	volume = {30},
	issn = {0360-1285},
	url = {https://www.sciencedirect.com/science/article/pii/S0360128504000103},
	doi = {10.1016/j.pecs.2004.02.001},
	pages = {231--295},
	number = {3},
	journaltitle = {Progress in Energy and Combustion Science},
	shortjournal = {Progress in Energy and Combustion Science},
	author = {Kalogirou, Soteris A.},
	urldate = {2022-08-04},
	date = {2004-01-01},
	langid = {english},
	keywords = {Cooling, Desalination, Industrial process heat, Optical and thermal analysis, Solar chemistry, Solar collectors, Solar power generation, Space heating, Water heating},
}

@article{nadeeshani_nicotinamide_2022,
	title = {Nicotinamide mononucleotide ({NMN}) as an anti-aging health product – Promises and safety concerns},
	volume = {37},
	issn = {2090-1232},
	url = {https://www.sciencedirect.com/science/article/pii/S2090123221001491},
	doi = {10.1016/j.jare.2021.08.003},
	pages = {267--278},
	journaltitle = {Journal of Advanced Research},
	shortjournal = {Journal of Advanced Research},
	author = {Nadeeshani, Harshani and Li, Jinyao and Ying, Tianlei and Zhang, Baohong and Lu, Jun},
	urldate = {2022-08-04},
	date = {2022-03-01},
	langid = {english},
	keywords = {Age-induced diseases, Anti-aging, Nicotinamide adenine dinucleotide, Nicotinamide mononucleotide, Supplement},
}
